<record><leader>00000cas a22000007a 4500</leader><controlfield tag="001">34740360</controlfield><controlfield tag="008">960516d18941895okuwr n       0    0eng d</controlfield><datafield ind1=" " ind2=" " tag="010"><subfield code="a">sn 96087754 </subfield></datafield><datafield ind1=" " ind2=" " tag="040"><subfield code="a">OBN</subfield><subfield code="b">eng</subfield><subfield code="c">OBN</subfield><subfield code="d">OCLCQ</subfield><subfield code="d">OCLCO</subfield></datafield><datafield ind1="1" ind2=" " tag="029"><subfield code="a">AU@</subfield><subfield code="b">000025921784</subfield></datafield><datafield ind1=" " ind2=" " tag="042"><subfield code="a">msc</subfield></datafield><datafield ind1="0" ind2="0" tag="245"><subfield code="a">Waukomis wizard.</subfield></datafield><datafield ind1="3" ind2=" " tag="246"><subfield code="a">Wizard</subfield></datafield><datafield ind1=" " ind2=" " tag="260"><subfield code="a">Waukomis, Oklahoma Territory [Okla.] :</subfield><subfield code="b">W.P. Campbell</subfield></datafield><datafield ind1=" " ind2=" " tag="300"><subfield code="a">v.</subfield></datafield><datafield ind1=" " ind2=" " tag="310"><subfield code="a">Weekly</subfield></datafield><datafield ind1="0" ind2=" " tag="362"><subfield code="a">Vol. 1, no. 1 (Apr. 6, 1894)-</subfield></datafield><datafield ind1="1" ind2=" " tag="362"><subfield code="a">Ceased in 1895.</subfield></datafield><datafield ind1=" " ind2="0" tag="651"><subfield code="a">Waukomis (Okla.)</subfield><subfield code="v">Newspapers.</subfield></datafield><datafield ind1=" " ind2="0" tag="651"><subfield code="a">Garfield County (Okla.)</subfield><subfield code="v">Newspapers.</subfield></datafield><datafield ind1=" " ind2="0" tag="651"><subfield code="a">Oklahoma Territory (Okla.)</subfield><subfield code="v">Newspapers.</subfield></datafield><datafield ind1=" " ind2=" " tag="752"><subfield code="a">United States</subfield><subfield code="b">Oklahoma</subfield><subfield code="c">Garfield</subfield><subfield code="d">Waukomis.</subfield></datafield><datafield ind1="0" ind2="0" tag="785"><subfield code="t">Waukomis world</subfield><subfield code="w">(DLC)sn 96087755</subfield><subfield code="w">(OCoLC)34740550</subfield></datafield></record>